<?xml version="1.0" encoding="UTF-8"?><collection xmlns="http://www.loc.gov/MARC21/slim"><record><leader>00495nam--2200181-u-4500</leader><controlfield tag="001">000056773</controlfield><controlfield tag="002">20190703</controlfield><controlfield tag="005">20190703081753</controlfield><controlfield tag="008">190703s1000------------r-----000-0-rum-d</controlfield><datafield ind1=" " ind2=" " tag="040"><subfield code="a">IFIN-HH</subfield></datafield><datafield ind1=" " ind2=" " tag="041"><subfield code="a">rum</subfield></datafield><datafield ind1="1" ind2=" " tag="100"><subfield code="a">Vranceanu, Gheorghe</subfield></datafield><datafield ind1="1" ind2="0" tag="245"><subfield code="a">Geometrie analitica proiectiva si diferentiala</subfield><subfield code="c">Gheorghe Vranceanu</subfield></datafield><datafield ind1=" " ind2=" " tag="260"><subfield code="a">Bucuresti</subfield><subfield code="b">Editura Didactica si Pedagogica</subfield><subfield code="c">1962</subfield></datafield><datafield ind1=" " ind2=" " tag="300"><subfield code="a">622 p</subfield></datafield><datafield ind1=" " ind2=" " tag="500"><subfield code="a">Donatie Brancus</subfield></datafield><datafield ind1=" " ind2=" " tag="852"><subfield code="a">3299</subfield><subfield code="c">516</subfield></datafield><datafield ind1=" " ind2=" " tag="CAT"><subfield code="a">SYS</subfield><subfield code="c">20190703</subfield><subfield code="h">081753</subfield></datafield></record></collection>